<record><leader>00000cas a22000007a 4500</leader><controlfield tag="001">22880063</controlfield><controlfield tag="008">901220d19861987couwr ne      0    0eng d</controlfield><datafield ind1=" " ind2=" " tag="010"><subfield code="a">sn 90099983 </subfield></datafield><datafield ind1=" " ind2=" " tag="040"><subfield code="a">CNQ</subfield><subfield code="b">eng</subfield><subfield code="c">CNQ</subfield><subfield code="d">OCLCQ</subfield></datafield><datafield ind1=" " ind2=" " tag="042"><subfield code="a">msc</subfield></datafield><datafield ind1="0" ind2="0" tag="245"><subfield code="a">Sand Creek edition.</subfield></datafield><datafield ind1=" " ind2=" " tag="260"><subfield code="a">Colorado Springs, Colo. :</subfield><subfield code="b">Walter Pub. Co.</subfield></datafield><datafield ind1=" " ind2=" " tag="300"><subfield code="a">v.</subfield></datafield><datafield ind1=" " ind2=" " tag="310"><subfield code="a">Weekly</subfield></datafield><datafield ind1="1" ind2=" " tag="362"><subfield code="a">Began in 1986.</subfield></datafield><datafield ind1="0" ind2=" " tag="362"><subfield code="a">-v. 2, no. 23 (June 5, 1987).</subfield></datafield><datafield ind1=" " ind2=" " tag="588"><subfield code="a">Description based on: Vol. 1, no. 10 (Aug. 22, 1986).</subfield></datafield><datafield ind1=" " ind2=" " tag="752"><subfield code="a">United States</subfield><subfield code="b">Colorado</subfield><subfield code="c">El Paso</subfield><subfield code="d">Colorado Springs.</subfield></datafield><datafield ind1="1" ind2=" " tag="029"><subfield code="a">AU@</subfield><subfield code="b">000025886308</subfield></datafield></record>